
@MANUAL{ANSYS:2013b,
	AUTHOR       	= "",
	TITLE        	= "ANSYS Programmer's Reference; release 15.0",
	PUBLISHER    	= "ANSYS, Inc.",
	KEY          	= "ANSYS",
	ADDRESS      	= "Canonsburg, Pennsylvania",
	YEAR         	= 2013,
    }
    
@article{Barla2010,
	AUTHOR 		= {Barla, Giovanni and Bonini, Mariacristina and Debernardi, Daniele},
	TITLE 		= {{Time dependent deformations in squeezing tunnels}},
	JOURNAL 	= {International Journal of Geoengineering Case Histories},
	NUMBER 		= {1},
	PAGES 		= {40--65},
	VOLUME 		= {2},
	YEAR 		= {2010}
	DOI 		= {http://dx.doi.org/10.4417/IJGCH-02-01-03},
}

@ARTICLE{bazant:1989a,
	AUTHOR       	= "Ba{\v{z}}ant, Zden{\v{e}}k P and Prasannan, Santosh",
	TITLE        	= "Solidification theory for concrete creep. I: Formulation",
	JOURNAL      	= "Journal of engineering mechanics",
	YEAR         	= 1989,
	VOLUME       	= 115,
	NUMBER       	= 8,
	PAGES        	= "1691--1703",
	PUBLISHER    	= "American Society of Civil Engineers (ASCE)",
	DOI		= "https://doi.org/10.1061/(ASCE)0733-9399(1989)115:8(1691)",
    }  

@ARTICLE{bazant:1989b,
	AUTHOR       	= "Ba{\v{z}}ant, Zden{\v{e}}k P and Prasannan, Santosh",
	TITLE        	= "Solidification theory for concrete creep. II: Verification and application",
	JOURNAL      	= "Journal of engineering mechanics",
	YEAR         	= 1989,
	VOLUME       	= 115,
	NUMBER       	= 8,
	PAGES        	= "1704--1725",
	PUBLISHER    	= "American Society of Civil Engineers (ASCE)",
	DOI		= "https://doi.org/10.1061/(ASCE)0733-9399(1989)115:8(1704)",
    } 

@PHDTHESIS{bernaud1991,
	AUTHOR       	= "Bernaud, Denise",
	TITLE        	= "Tunnels profonds dans les milieux viscoplastiques: approches exp{\'e}rimentale et num{\'e}rique",
	SCHOOL       	= "Ecole Nationale des Ponts et Chauss{\'e}es",
	ADDRESS      	= "Paris, French",
	YEAR         	= 1991,
	URL          	= "https://theses.hal.science/tel-00529719/",
}

@MANUAL{CEB:1993,
	AUTHOR        	= "CEB-FIP",
	KEY           	= "International",
	TITLE         	= "CEB-FIP model code 1990: Design code",
	ORGANIZATION  	= "Comité Euro International du Béton and Fédération Internationale de la Précontrainte (CEB-FIP)",
	PUBLISHER     	= "Thomas Telford Publishing",
	YEAR          	= 1993,
}

@article{Chen2019,
	author 		= {Chen, Fuquan and Lin, Luo-bin and Li, Dayong},
	year 		= {2019},
	month 		= {04},
	pages 		= {},
	title 		= {Analytic solutions for twin tunneling at great depth considering liner installation and mutual interaction between geomaterial and liners},
	volume 		= {73},
	journal 	= {Applied Mathematical Modelling},
	doi 		= {10.1016/j.apm.2019.04.026}
}

@article{chortis2021a,
	title		={Three-dimensional numerical analyses of perpendicular tunnel intersections},
	author		={Chortis, Filippos and Kavvadas, Michael},
	journal		={Geotechnical and Geological Engineering},
	volume		={39},
	pages		={1771--1793},
	year		={2021},
	publisher	={Springer}
	doi		={https://doi.org/10.1007/s10706-020-01587-w}
}

@article{chortis2021b,
	title		={Three-dimensional numerical investigation of the interaction between twin tunnels},
	author		={Chortis, Filippos and Kavvadas, Michael},
	journal		={Geotechnical and Geological Engineering},
	volume		={39},
	pages		={5559--5585},
	year		={2021},
	publisher	={Springer},
	doi 		="https://doi.org/10.1007/s10706-021-01845-5",
}

@incollection{chortis2023a,
	title		={3D numerical investigation of the axial forces acting on tunnel junctions constructed in fractured/weathered to very blocky rockmass},
	author		={Chortis, F and Kavvadas, M},
	booktitle	={Expanding Underground-Knowledge and Passion to Make a Positive Impact on the World},
	pages		={1574--1582},
	year		={2023},
	publisher	={CRC Press}
}

@incollection{chortis2023b,
	title		={3D numerical investigation of the bending moments acting on tunnel junctions constructed in fractured/weathered to very blocky rockmass},
	author		={Chortis, F and Kavvadas, M},
	booktitle	={Expanding Underground-Knowledge and Passion to Make a Positive Impact on the World},
	pages		={1583--1591},
	year		={2023},
	publisher	={CRC Press}
}

@CONFERENCE{Fortsakis2021,
	author  	= {Fortsakis, Petros. and Bekri, Eleni and Prountzopoulos, George and Marinos, Paul},
	title   	= {Numerical analysis of twin tunnels interaction},
	booktitle 	= {in Proc. 1st Eastern European Tunnelling Conference}, 
	year    	= {2012},
	pages   	= {1-8}
}

@article{GUO2021,
	author 		= {Guo, Zihong and Liu, Xinrong and Zhu, Zhanyuan},
	year 		= {2021},
	month 		= {08},
	pages 		= {1-11},
	title 		= {An Elastic Solution for Twin Circular Tunnels’ Stress in Hydrostatic Stress Field},
	volume 		= {39},
	journal 	= {Geotechnical and Geological Engineering},
	doi 		= {10.1007/s10706-021-01756-5}
}

@article{MA2020,
	title 		= {Analytical solution for determining the plastic zones around twin circular tunnels excavated at great depth},
	journal 	= {International Journal of Rock Mechanics and Mining Sciences},
	volume 		= {136},
	pages 		= {104475},
	year 		= {2020},
	issn 		= {1365-1609},
	doi 		= {https://doi.org/10.1016/j.ijrmms.2020.104475},
	author 		= {Yaocai Ma and Aizhong Lu and Xiangtai Zeng and Hui Cai},
}

@PHDTHESIS{piepi1995,
	AUTHOR       	= "Piepi, Guy Tchiyep",
	TITLE        	= "Comportement viscoplastique avec rupture des argiles raides. Applications aux ouvrages souterrains",
	SCHOOL       	= "Ecole Nationale des Ponts et Chauss{\'e}es",
	ADDRESS      	= "Paris, French",
	YEAR	     	= 1995,
	URL          	= "https://pastel.hal.science/tel-00523616/document",
}

@MASTERSTHESIS{quevedo2017comportamento,
	AUTHOR       	= "Quevedo, F. P. M.",
	TITLE        	= "Comportamento a longo prazo de t{\'u}neis profundos revestidos com concreto: modelo em elementos finitos",
	SCHOOL       	= "Federal University of Rio Grande do Sul",
	ADDRESS      	= "Porto Alegre, Brazil",
	YEAR         	= 2017,
	TYPE         	= "M.{S}. thesis",
	URL          	= "https://lume.ufrgs.br/handle/10183/163886",
    }

@PHDTEHESIS{quevedo2022thesis,
	AUTHOR 	 	= "Quevedo, F. P. M.",
	TITLE 	 	= {An{\'a}lise computacional das deformações em t{\'u}neis profundos considerando o acoplamento plasticidade-viscoplasticidade},
	SCHOOL       	= "Federal University of Rio Grande do Sul",
	ADDRESS      	= "Porto Alegre, Brazil",
	YEAR         	= 2021,
	TYPE         	= "PhD thesis",
	URL          	= "https://lume.ufrgs.br/handle/10183/239617",
}

@ARTICLE{quevedo2022,
	AUTHOR 		= {Quevedo, F. P. M. and Bernaud, D. and Campos Filho, A.},
	TITLE 		= {Numerical Analysis of Deep Tunnels in Viscoplastic Rock Mass Considering the Creep and Shrinkage of the Concrete Lining},
	JOURNAL 	= {International Journal of Geomechanics},
	VOLUME 		= {22},
	NUMBER 		= {4},
	YEAR 		= {2022},
	DOI 		= {10.1061/(ASCE)GM.1943-5622.0002282},
}

@article{quevedo2022b,
	AUTHOR 		= {Quevedo, F. P. M.  and Bernaud, D.  and Maghous S. },
	TITLE 		= {Numerical Integration Scheme for Coupled Elastoplastic–Viscoplastic Constitutive Law for Tunnels},
	JOURNAL 	= {International Journal of Geomechanics},
	VOLUME 		= {22},
	NUMBER 		= {10},
	YEAR 		= {2022},
	DOI 		= {10.1061/(ASCE)GM.1943-5622.0002512},
}

@article{Spyridis2015,
	author 		= {Spyridis, Panos and Bergmeister, Konrad},
	year 		= {2015},
	month 		= {08},
	pages 		= {376-395},
	title 		= {Analysis of lateral openings in tunnel linings},
	volume 		= {50},
	journal 	= {Tunnelling and Underground Space Technology},
	doi 		= {10.1016/j.tust.2015.08.005}
}

@ARTICLE{zienkiewicz1974visco,
	AUTHOR      	= "Zienkiewicz, OC and Cormeau, IC",
	TITLE       	= "Visco-plasticity—plasticity and creep in elastic solids—a unified numerical solution approach",
	JOURNAL     	= "International Journal for Numerical Methods in Engineering",
	YEAR        	= 1974,
	VOLUME      	= 8,
	NUMBER      	= 4,
	PAGES       	= "821--845",
	PUBLISHER   	= "Wiley Online Library",
	DOI		= "https://doi.org/10.1002/nme.v8:4",
    }
